@book{db,
    author    = "Thomas M. Connolly, Carolyn E. Begg",
    title     = "Database Systems: A Practical Approach to Design, Implementation, and Management",
    publisher = "",
    year      = "2005"
}